<record><leader>00000cas a2200000 a 4500</leader><controlfield tag="001">722886593</controlfield><controlfield tag="008">110512c20119999nyuwr ne      |   a0eng  </controlfield><controlfield tag="009">466</controlfield><datafield ind1=" " ind2=" " tag="010"><subfield code="a">  2011202015</subfield></datafield><datafield ind1=" " ind2=" " tag="040"><subfield code="a">DLC</subfield><subfield code="b">eng</subfield><subfield code="c">DLC</subfield><subfield code="d">DLC</subfield><subfield code="d">OCLCF</subfield></datafield><datafield ind1=" " ind2=" " tag="012"><subfield code="l">1</subfield></datafield><datafield ind1="0" ind2=" " tag="022"><subfield code="a">2161-3745</subfield><subfield code="2">1</subfield></datafield><datafield ind1=" " ind2=" " tag="037"><subfield code="b">Zaman Weekly America, 130 W. 42nd St., Ste. 410, New York, NY 10036</subfield></datafield><datafield ind1=" " ind2=" " tag="042"><subfield code="a">nsdp</subfield><subfield code="a">pcc</subfield></datafield><datafield ind1="0" ind2="0" tag="050"><subfield code="a">Newspaper</subfield></datafield><datafield ind1="1" ind2="4" tag="050"><subfield code="a">Z286</subfield></datafield><datafield ind1="1" ind2="0" tag="082"><subfield code="a">070</subfield><subfield code="2">14</subfield></datafield><datafield ind1="0" ind2=" " tag="210"><subfield code="a">Zaman wkly.</subfield></datafield><datafield ind1=" " ind2="0" tag="222"><subfield code="a">Zaman weekly</subfield></datafield><datafield ind1="0" ind2="0" tag="245"><subfield code="a">Zaman weekly.</subfield></datafield><datafield ind1="3" ind2=" " tag="246"><subfield code="a">Zaman weekly America</subfield></datafield><datafield ind1=" " ind2=" " tag="260"><subfield code="a">New York, NY :</subfield><subfield code="b">Zaman Ltd.</subfield></datafield><datafield ind1=" " ind2=" " tag="310"><subfield code="a">Weekly</subfield></datafield><datafield ind1="1" ind2=" " tag="362"><subfield code="a">Began with Jan. 25, 2011.</subfield></datafield><datafield ind1=" " ind2=" " tag="588"><subfield code="a">Description based on No. 8 (Apr. 2, 2011).</subfield></datafield><datafield ind1=" " ind2=" " tag="588"><subfield code="a">Latest issue consulted: No. 8 (Apr.2, 2011).</subfield></datafield><datafield ind1=" " ind2="0" tag="650"><subfield code="a">Turkish newspapers</subfield><subfield code="z">United States.</subfield></datafield><datafield ind1=" " ind2="0" tag="651"><subfield code="a">Turkey</subfield><subfield code="v">Newspapers.</subfield></datafield><datafield ind1=" " ind2="7" tag="655"><subfield code="a">Newspapers.</subfield><subfield code="2">fast</subfield><subfield code="0">(OCoLC)fst01423814</subfield></datafield><datafield ind1=" " ind2="7" tag="650"><subfield code="a">Turkish newspapers.</subfield><subfield code="2">fast</subfield><subfield code="0">(OCoLC)fst01159496</subfield></datafield><datafield ind1=" " ind2="7" tag="651"><subfield code="a">Turkey.</subfield><subfield code="2">fast</subfield><subfield code="0">(OCoLC)fst01208963</subfield></datafield><datafield ind1=" " ind2="7" tag="651"><subfield code="a">United States.</subfield><subfield code="2">fast</subfield><subfield code="0">(OCoLC)fst01204155</subfield></datafield><datafield ind1=" " ind2=" " tag="752"><subfield code="a">United States</subfield><subfield code="b">New York</subfield><subfield code="d">New York.</subfield></datafield><datafield ind1="4" ind2="1" tag="856"><subfield code="u">http://www.zamanusa.com</subfield></datafield></record>